@PREAMBLE{
 "\providecommand{\noopsort}[1]{}"
 # "\providecommand{\singleletter}[1]{#1}%"
}

@ARTICLE{Milotti,
       author = "E. Milotti",
         year = "2002",
        title = {1/f noise: a pedagogical review},
archivePrefix = "arXiv",
       eprint = {physics/0204033},
 primaryClass = "physics.class-ph",
}

@ARTICLE{Novak,
       author = "A. Novak et al",
         year = "2010",
        title = {Nonlinear System Identification Using Exponential Swept-Sine Signal},
      journal = {IEEE Transactions on Instrumentation and Measurement},
       volume = {59},
       number = "8",
        pages = "2220--2229",
         note = {doi:10.1109/tim.2009.2031836}
}

@ARTICLE{DeWitt,
       author = "B. S. Dewitt",
         year = "1967",
        title = {Quantum Theory of Gravity. I. The Canonical Theory},
      journal = "Physical Review",
       volume = "160",
        pages = "1113--1148",
         note = {doi:10.1103/PhysRev.160.1113}
}

@ARTICLE{May,
       author = "Robert M. May",
         year = "1976",
        title = {Simple Mathematical Models With Very Complicated Dynamics},
      journal = "Nature",
       volume = "261",
        pages = "459--467",
         note = {doi:DOI: 10.1038/261459a0}
}

@ARTICLE{Page,
       author = "D. N. Page and W. K. Wootters",
         year = "1983",
        title = {Evolution without Evolution: Dynamics described by stationary observables},
      journal = {Physical Review D},
       volume = {27},
       number = "12",
        pages = "2885--2892"
}

@ARTICLE{Moreva,
       author = "E. Moreva et al.",
         year = "2014",
        title = {Time from quantum entanglement: an experimental illustration},
      journal = "Physical Review A",
       volume = "89",
         note = "052122"
}

@ARTICLE{Chalmers,
       author = "D. J. Chalmers",
         year = "1995",
        title = {Facing up to the problem of consciousness},
      journal = "Journal of Consciousness Studies",
       volume = "2",
        pages = "200--219",
}

@ARTICLE{Bonmassar,
       author = "G. Bonmassar and E. L. Schwartz",
         year = "1997",
        title = {Space-variant Fourier analysis: the exponential chirp transform},
         note = "{DOI:10.1109/34.625108}",
      journal = {IEEE Transactions on Pattern Analysis and Machine Intelligence},
       volume = "19",
        issue = "10",
        pages = {1080--1089},
}

@ARTICLE{Schwartz,
    author  = "E. L. Schwartz",
    year    = 1981,
    title   = {Cortical anatomy, size invariance, and spatial frequency analysis},
    journal = "Perception",
    volume  = "10",
    pages   = "455--469",
}

@ARTICLE{Tegmark,
    author  = "Max Tegmark",
    year    = 2015,
    title   = {Consciousness as a State of Matter},
archivePrefix = "arXiv",
       eprint = {1401.1219},
 primaryClass = "gr-qc",
}

@ARTICLE{Brunet,
       author = "O. Brunet",
         year = "2016",
        title = {Geometric Time and Causal Time in Relativistic Lagrangian Mechanics},
archivePrefix = "arXiv",
       eprint = {1609.02040},
 primaryClass = "gr-qc",
}

@BOOK{Mandelbrot,
   author       = {Benoit Mandelbrot},
   year         = 1982,
   title        = {The Fractal Geometry of Nature},
   publisher    = {W. H. Freeman and Company}
}

@ARTICLE{Kantelhardt,
       author = "Jan W. Kantelhardt",
         year = "2008",
        title = {Fractal and Multifractal Time Series},
archivePrefix = "arXiv",
       eprint = {0804.0747},
 primaryClass = "physics.data-an",
}

@ARTICLE{Achterberg,
    author  = "Jeanne Achterberg, et al.",
    year    = 2005,
    title   = {Evidence for Correlations Between Distant Intentionality and Brain Function in Recipients: A Functional Magnetic Resonance Imaging Analysis},
    journal = "Journal of Complementary and Alternative Medicine",
    volume  = "11",
    number  = "6",
    pages   = "965--971",
}

@ARTICLE{Lobo,
       author = "Augusto Cesar Lobo",
         year = "2017",
        title = {Time and Consciousness in a Quantum World},
archivePrefix = "arXiv",
       eprint = {1709.08093},
 primaryClass = "physics.hist-ph",
}

@article{Bars,
  author={Itzhak Bars},
  title={Survey of two-time physics},
  journal={Classical and Quantum Gravity},
  volume={18},
  number={16},
  pages={3113},
  year={2001},
}

@article{Bayhan,
title = "Forward and reverse current–voltage–temperature characteristics of a typical BPW34 photodiode",
journal = "Solid-State Electronics",
volume = "50",
number = "9",
pages = "1563 - 1566",
year = "2006",
issn = "0038-1101",
doi = "https://doi.org/10.1016/j.sse.2006.08.015",
url = "http://www.sciencedirect.com/science/article/pii/S0038110106002875",
author = "Habibe Bayhan, Sadan Özden",
keywords = "BPW34, p–i–n, Current transport"
}

@article{Xin,
title="Certain Physical Manifestation and Effects of External Qi of Yan Xin Life Science Technology",
journal = "Journal of Scientific Exploration",
volume = "16",
number = "3",
pages = "381--411",
year = "2002",
}

@article{Meijer,
title = "Consciousness in the Universe is Scale Invariant and Implies an Event Horizon of the Human Brain",
author = "Dirk K.F. Meijer, Hans J.H. Geesink",
journal = "NeuroQuantology",
volume = "15",
issue = "3",
pages = "41--79",
year = "2017",
doi = "https://doi.org/10.14704/nq.2017.15.3.1079",
}

@article{Jianfeng,
title = "A Timeless and Spaceless Quantum Theory of Consciousness",
author = "Jianfeng Li",
journal = "NeuroQuantology",
volume = "11",
issue = "3",
pages = "431--442",
year = "2013",
}

@article{Hameroff,
title = "Consciousness in the universe: a review of the 'ORCH OR' theory",
author = "Stuart Hameroff",
journal = "Physics of Life Reviews",
volume = "11",
issue = "1",
year = "2013",
doi = "https://doi.org/10.1016/j.plrev.2013.08.002",
}

@ARTICLE{Craddock,
author={Craddock, Travis J. A},
title={Anesthetic Alterations of Collective Terahertz Oscillations in Tubulin Correlate with Clinical Potency: Implications for Anesthetic Action and Post-Operative Cognitive Dysfunction},
journal={Scientific Reports},
year={2017},
volume={7},
number={1},
pages={9877},
issn={2045-2322},
doi={10.1038/s41598-017-09992-7},
url={https://doi.org/10.1038/s41598-017-09992-7}
}

@book{Leibniz,
author = {Gottfried Wilhelm Leibniz},
title = {Discourse on Metaphysics},
year = "1686",
publisher = {Open Court Classics}
}

@book{Kelly,
author = {Edward F. Kelly},
title = {Irreducible Mind: Toward a Psychology for the 21st Century},
year = "2009",
publisher = {Rowman and Littlefield}
}

@manual{Devuyst,
  title  = "The DREAMS Sleep Spindles Database",
  author = "Stephanie Devuyst",
  url    = "http://www.tcts.fpms.ac.be/~devuyst/Databases/DatabaseSpindles/",
  year   = "2011 (accessed January 11, 2019)"
}

@book{AbrahamRoy,
author = {Roy, Sisir and Abraham, Ralph},
year = {2011},
month = {01},
pages = {},
title = {DEMYSTIFYING THE AKASHA Consciousness and the Quantum Vacuum}
}

@article {Casali,
	author = {Casali, Adenauer G. and Gosseries, Olivia and Rosanova, Mario and Boly, M{\'e}lanie and Sarasso, Simone and Casali, Karina R. and Casarotto, Silvia and Bruno, Marie-Aur{\'e}lie and Laureys, Steven and Tononi, Giulio and Massimini, Marcello},
	title = {A Theoretically Based Index of Consciousness Independent of Sensory Processing and Behavior},
	volume = {5},
	number = {198},
	pages = {198ra105--198ra105},
	year = {2013},
	doi = {10.1126/scitranslmed.3006294},
	publisher = {American Association for the Advancement of Science},
	issn = {1946-6234},
	URL = {https://stm.sciencemag.org/content/5/198/198ra105},
	eprint = {https://stm.sciencemag.org/content/5/198/198ra105.full.pdf},
	journal = {Science Translational Medicine}
}
